<collection xmlns="http://www.loc.gov/MARC21/slim">
   <record>
      <leader>01520cam a2200337 a 4500</leader>
      <controlfield tag="001">6742709</controlfield>
      <controlfield tag="003">OCoLC</controlfield>
      <controlfield tag="005">20141117095107.0</controlfield>
      <controlfield tag="008">140929s2015    sz a     b    000 0 eng d</controlfield>
      <datafield ind1=" " ind2=" " tag="020">
         <subfield code="a">3319036645 (pbk.)</subfield>
      </datafield>
      <datafield ind1=" " ind2=" " tag="020">
         <subfield code="a">9783319036649 (pbk.)</subfield>
      </datafield>
      <datafield ind1=" " ind2=" " tag="035">
         <subfield code="a">ocn893648709</subfield>
      </datafield>
      <datafield ind1=" " ind2=" " tag="040">
         <subfield code="a">CDX</subfield>
         <subfield code="c">CDX</subfield>
         <subfield code="d">YDXCP</subfield>
         <subfield code="d">AEU</subfield>
      </datafield>
      <datafield ind1=" " ind2=" " tag="043">
         <subfield code="a">a-cc---</subfield>
      </datafield>
      <datafield ind1=" " ind2="4" tag="050">
         <subfield code="a">JQ1516</subfield>
         <subfield code="b">.T26 2015</subfield>
      </datafield>
      <datafield ind1="0" ind2="4" tag="082">
         <subfield code="a">306.20951</subfield>
         <subfield code="2">23</subfield>
      </datafield>
      <datafield ind1=" " ind2=" " tag="090">
         <subfield code="a">JQ1516 .T26 2015</subfield>
         <subfield code="b">AEGMCT</subfield>
      </datafield>
      <datafield ind1="1" ind2=" " tag="100">
         <subfield code="a">Tai, John W.</subfield>
         <subfield code="0">http://viaf.org/viaf/2994150085875315060000</subfield>
      </datafield>
      <datafield ind1="1" ind2="0" tag="245">
         <subfield code="a">Building civil society in Authoritarian China :</subfield>
         <subfield code="b">importance of leadership connections for establishing effective nongovernmental organizations in a non-democracy /</subfield>
         <subfield code="c">John W. Tai.</subfield>
      </datafield>
      <datafield ind1=" " ind2=" " tag="260">
         <subfield code="a">Cham [Switzerland] :</subfield>
         <subfield code="b">Springer,</subfield>
         <subfield code="c">c2015.</subfield>
      </datafield>
      <datafield ind1=" " ind2=" " tag="300">
         <subfield code="a">xv, 143 p. :</subfield>
         <subfield code="b">col. ill. ;</subfield>
         <subfield code="c">24 cm.</subfield>
      </datafield>
      <datafield ind1="1" ind2=" " tag="490">
         <subfield code="a">SpringerBriefs in Environment, Security, Development and Peace ;</subfield>
         <subfield code="v">20</subfield>
      </datafield>
      <datafield ind1=" " ind2=" " tag="504">
         <subfield code="a">Includes bibliographical references.</subfield>
      </datafield>
      <datafield ind1=" " ind2=" " tag="596">
         <subfield code="a">29</subfield>
      </datafield>
      <datafield ind1=" " ind2="0" tag="650">
         <subfield code="a">Civil society</subfield>
         <subfield code="z">China.</subfield>
         <subfield code="0">http://id.loc.gov/authorities/subjects/sh2009120289</subfield>
      </datafield>
      <datafield ind1=" " ind2="0" tag="650">
         <subfield code="a">Non-governmental organizations</subfield>
         <subfield code="z">China.</subfield>
      </datafield>
      <datafield ind1=" " ind2=" " tag="758">
         <subfield code="0">http://worldcat.org/entity/work/id/476413696</subfield>
      </datafield>
      <datafield ind1="0" ind2=" " tag="787">
         <subfield code="n">OCLC Work Id</subfield>
         <subfield code="o">http://worldcat.org/entity/work/id/476413696</subfield>
      </datafield>
      <datafield ind1=" " ind2="0" tag="830">
         <subfield code="a">SpringerBriefs in environment, security, development and peace ;</subfield>
         <subfield code="v">20.</subfield>
      </datafield>
      <datafield ind1=" " ind2=" " tag="949">
         <subfield code="a">JQ1516 .T26 2015</subfield>
         <subfield code="h">GMCT-OS-B</subfield>
         <subfield code="i">1007428541</subfield>
         <subfield code="p">67.16</subfield>
         <subfield code="k">AVAIL_SOON</subfield>
      </datafield>
      <datafield ind1=" " ind2=" " tag="926">
         <subfield code="a">JQ1516 .T26 2015</subfield>
         <subfield code="w">LC</subfield>
         <subfield code="c">1</subfield>
         <subfield code="i">1007428541</subfield>
         <subfield code="d">2/16/2017</subfield>
         <subfield code="e">4/21/2015</subfield>
         <subfield code="l">ON_SHELF</subfield>
         <subfield code="m">GR_MACEWAN</subfield>
         <subfield code="n">1</subfield>
         <subfield code="p">$63.96</subfield>
         <subfield code="q">2</subfield>
         <subfield code="r">Y</subfield>
         <subfield code="s">Y</subfield>
         <subfield code="t">BOOK</subfield>
         <subfield code="u">11/26/2014</subfield>
      </datafield>
   </record>
</collection>
